<?xml version="1.0" encoding="UTF-8"?><collection xmlns="http://www.loc.gov/MARC21/slim"><record><leader>00353nam--2200145-i-4500</leader><controlfield tag="001">000047051</controlfield><controlfield tag="002">20161230</controlfield><controlfield tag="005">20170122211756</controlfield><controlfield tag="008">060222s1000------------r-----000-0-eng-d</controlfield><datafield ind1=" " ind2=" " tag="100"><subfield code="a">Votruba, Vaclav</subfield></datafield><datafield ind1=" " ind2=" " tag="245"><subfield code="a">Pair prod.by x rayx in the field of and electron</subfield></datafield><datafield ind1=" " ind2=" " tag="260"><subfield code="b">U.S.R</subfield><subfield code="c">1948</subfield></datafield><datafield ind1=" " ind2=" " tag="300"><subfield code="a">1 p</subfield></datafield><datafield ind1=" " ind2=" " tag="852"><subfield code="a">1022</subfield></datafield><datafield ind1=" " ind2=" " tag="CAT"><subfield code="a">SYS</subfield><subfield code="c">20170122</subfield><subfield code="h">211756</subfield></datafield></record></collection>